@book{wooldridge2009introduction,
  title={An Introduction to MultiAgent Systems},
  author={Wooldridge, Michael},
  year={2009},
  publisher={John Wiley \& Sons}
}

@article{jennings2014roadmap,
  title={A roadmap of agent research and development},
  author={Jennings, Nicholas R and Sycara, Katia and Wooldridge, Michael},
  journal={Autonomous Agents and Multi-Agent Systems},
  volume={1},
  number={1},
  pages={7--38},
  year={2014},
  publisher={Springer}
}

@article{stone2000multiagent,
  title={Multiagent systems: A survey from a machine learning perspective},
  author={Stone, Peter and Veloso, Manuela},
  journal={Autonomous Robots},
  volume={8},
  number={3},
  pages={345--383},
  year={2000},
  publisher={Springer}
}

@article{katz2017general,
  title={A general approach for predicting the behavior of the Supreme Court of the United States},
  author={Katz, Daniel Martin and Bommarito, Michael James and Blackman, Josh},
  journal={PLoS ONE},
  volume={12},
  number={4},
  pages={e0174698},
  year={2017},
  publisher={Public Library of Science San Francisco, CA USA}
}

@inproceedings{chalkidis2019neural,
  title={Neural legal judgment prediction in English},
  author={Chalkidis, Ilias and Fergadiotis, Manos and Malakasiotis, Prodromos and Androutsopoulos, Ion},
  booktitle={Proceedings of the 57th Annual Meeting of the Association for Computational Linguistics},
  pages={4317--4323},
  year={2019}
}

@inproceedings{hendrycks2021measuring,
  title={Measuring coding challenge competence with APPS},
  author={Hendrycks, Dan and Burns, Collin and Kadavath, Saurav and Arora, Akul and Basart, Steven and Mazeika, Mantas},
  booktitle={NeurIPS},
  volume={34},
  pages={16393--16406},
  year={2021}
}

@article{miller2019explanation,
  title={Explanation in artificial intelligence: Insights from the social sciences},
  author={Miller, Tim},
  journal={Artificial Intelligence},
  volume={267},
  pages={1--38},
  year={2019},
  publisher={Elsevier}
}

@inproceedings{ribeiro2016should,
  title={"Why should I trust you?" Explaining the predictions of any classifier},
  author={Ribeiro, Marco Tulio and Singh, Sameer and Guestrin, Carlos},
  booktitle={Proceedings of the 22nd ACM SIGKDD International Conference on Knowledge Discovery and Data Mining},
  pages={1135--1144},
  year={2016}
}

@article{hoffman2018metrics,
  title={Metrics for explainable AI: Challenges and prospects},
  author={Hoffman, Robert R and Mueller, Shane T and Klein, Gary and Litman, Jordan},
  journal={arXiv preprint arXiv:1812.04608},
  year={2018}
}

@inproceedings{kiraz2016semi,
  title={Semi-supervised learning for large-scale event extraction from legal documents},
  author={Kiraz, Murat and Uzuner, Ozlem},
  booktitle={Proceedings of the 15th International Conference on Artificial Intelligence and Law},
  pages={31--40},
  year={2016}
}

@article{lease2013crowdsourcing,
  title={Crowdsourcing for information retrieval},
  author={Lease, Matthew and Yilmaz, Emine},
  journal={ACM Computing Surveys},
  volume={45},
  number={3},
  pages={1--35},
  year={2013},
  publisher={ACM New York, NY, USA}
}

@inproceedings{savelka2017how,
  title={How to do things with legal texts: An application of natural language processing to legal informatics},
  author={Savelka, Jaromir and Ashley, Kevin D and Gray, Marc Lauritsen},
  booktitle={Proceedings of the 16th International Conference on Artificial Intelligence and Law},
  pages={1--10},
  year={2017}
}